@inproceedings{asuncion2009smoothing,
  title={On smoothing and inference for topic models},
  author={Asuncion, Arthur and Welling, Max and Smyth, Padhraic and Teh, Yee Whye},
  booktitle={Proceedings of the twenty-fifth conference on uncertainty in artificial intelligence},
  pages={27--34},
  year={2009},
  organization={AUAI Press}
}

@article{blei2003latent,
  title={Latent dirichlet allocation},
  author={Blei, David M and Ng, Andrew Y and Jordan, Michael I},
  journal={Journal of machine Learning research},
  volume={3},
  number={Jan},
  pages={993--1022},
  year={2003}
}

@inproceedings{blei2006dynamic,
  title={Dynamic topic models},
  author={Blei, David M and Lafferty, John D},
  booktitle={Proceedings of the 23rd international conference on Machine learning},
  pages={113--120},
  year={2006},
  organization={ACM}
}

@incollection{blei2009topic,
  title={Topic models},
  author={Blei, David M and Lafferty, John D},
  booktitle={Text Mining},
  pages={101--124},
  year={2009},
  publisher={Chapman and Hall/CRC}
}

@inproceedings{buntine2009estimating,
  title={Estimating likelihoods for topic models},
  author={Buntine, Wray},
  booktitle={Asian Conference on Machine Learning},
  pages={51--64},
  year={2009},
  organization={Springer}
}

@inproceedings{chang2009reading,
  title={Reading tea leaves: How humans interpret topic models},
  author={Chang, Jonathan and Gerrish, Sean and Wang, Chong and Boyd-Graber, Jordan L and Blei, David M},
  booktitle={Advances in neural information processing systems},
  pages={288--296},
  year={2009}
}

@book{cox1989analysis,
  title={Analysis of Binary Data},
  author={Cox, DR and Snell, EJ},
  volume={32},
  year={1989},
  publisher={CRC Press}
}

@inproceedings{girolami2003equivalence,
  title={On an equivalence between PLSI and LDA},
  author={Girolami, Mark and Kab{\'a}n, Ata},
  booktitle={SIGIR},
  volume={3},
  pages={433--434},
  year={2003}
}

@article{goldwater2011producing,
  title={Producing power-law distributions and damping word frequencies with two-stage language models},
  author={Goldwater, Sharon and Griffiths, Thomas L and Johnson, Mark},
  journal={Journal of Machine Learning Research},
  volume={12},
  number={Jul},
  pages={2335--2382},
  year={2011}
}

@article{griffiths2004finding,
  title={Finding scientific topics},
  author={Griffiths, Thomas L and Steyvers, Mark},
  journal={Proceedings of the National academy of Sciences},
  volume={101},
  number={suppl 1},
  pages={5228--5235},
  year={2004},
  publisher={National Acad Sciences}
}

@Misc{textminer,
author =   {Tommy Jones},
title =    {textmineR},
howpublished = {\url{https://www.rtextminer.com}},
year = {2000--2004}
}


@inproceedings{lau2014machine,
  title={Machine reading tea leaves: Automatically evaluating topic coherence and topic model quality},
  author={Lau, Jey Han and Newman, David and Baldwin, Timothy},
  booktitle={Proceedings of the 14th Conference of the European Chapter of the Association for Computational Linguistics},
  pages={530--539},
  year={2014}
}

@book{mcfadden1977application,
  title={An application of diagnostic tests for the independence from irrelevant alternatives property of the multinomial logit model},
  author={McFadden, Daniel and Tye, William B and Train, Kenneth},
  year={1977},
  publisher={Institute of Transportation Studies, University of California}
}

@inproceedings{mimno2011optimizing,
  title={Optimizing semantic coherence in topic models},
  author={Mimno, David and Wallach, Hanna M and Talley, Edmund and Leenders, Miriam and McCallum, Andrew},
  booktitle={Proceedings of the conference on empirical methods in natural language processing},
  pages={262--272},
  year={2011},
  organization={Association for Computational Linguistics}
}

@book{neter1996applied,
  title={Applied linear statistical models},
  author={Neter, John and Kutner, Michael H and Nachtsheim, Christopher J and Wasserman, William},
  volume={4},
  year={1996},
  publisher={Irwin Chicago}
}

@inproceedings{nguyen2014sometimes,
  title={Sometimes average is best: The importance of averaging for prediction using MCMC inference in topic modeling},
  author={Nguyen, Viet-An and Boyd-Graber, Jordan and Resnik, Philip},
  booktitle={Proceedings of the 2014 Conference on Empirical Methods in Natural Language Processing},
  pages={1752--1757},
  year={2014}
}

@article{roberts2014structural,
  title={Structural topic models for open-ended survey responses},
  author={Roberts, Margaret E and Stewart, Brandon M and Tingley, Dustin and Lucas, Christopher and Leder-Luis, Jetson and Gadarian, Shana Kushner and Albertson, Bethany and Rand, David G},
  journal={American Journal of Political Science},
  volume={58},
  number={4},
  pages={1064--1082},
  year={2014},
  publisher={Wiley Online Library}
}

@article{rosner2014evaluating,
  title={Evaluating topic coherence measures},
  author={Rosner, Frank and Hinneburg, Alexander and R{\"o}der, Michael and Nettling, Martin and Both, Andreas},
  journal={arXiv preprint arXiv:1403.6397},
  year={2014}
}

@article{steyvers2007probabilistic,
  title={Probabilistic topic models},
  author={Steyvers, Mark and Griffiths, Tom},
  journal={Handbook of latent semantic analysis},
  volume={427},
  number={7},
  pages={424--440},
  year={2007}
}

@inproceedings{wallach2009rethinking,
  title={Rethinking LDA: Why priors matter},
  author={Wallach, Hanna M and Mimno, David M and McCallum, Andrew},
  booktitle={Advances in neural information processing systems},
  pages={1973--1981},
  year={2009}
}

@misc{bruin2006faq,
  title={FAQ. What are pseudo-R-squareds},
  author={Bruin, J},
  year={2006},
  publisher={UCLA: Academic Technology Services, Statistical Consulting Group. Retrieved~â€¦}
}

@article{zipf1949human,
  title={Human behavior and the principle of least effort.},
  author={Zipf, George Kingsley},
  year={1949},
  publisher={Addison-Wesley Press}
}

@misc{nih,
  title = {Welcome to ExPORTER},
  howpublished = {\url{https://exporter.nih.gov/}},
  note = {Accessed: 2015-01-08}
}
