@inproceedings{asuncion2009smoothing,
  title={On smoothing and inference for topic models},
  author={Asuncion, Arthur and Welling, Max and Smyth, Padhraic and Teh, Yee Whye},
  booktitle={Proceedings of the twenty-fifth conference on uncertainty in artificial intelligence},
  pages={27--34},
  year={2009},
  organization={AUAI Press}
}

@article{blei2003latent,
  title={Latent dirichlet allocation},
  author={Blei, David M and Ng, Andrew Y and Jordan, Michael I},
  journal={Journal of machine Learning research},
  volume={3},
  number={Jan},
  pages={993--1022},
  year={2003}
}

@inproceedings{blei2006dynamic,
  title={Dynamic topic models},
  author={Blei, David M and Lafferty, John D},
  booktitle={Proceedings of the 23rd international conference on Machine learning},
  pages={113--120},
  year={2006},
  organization={ACM}
}

@incollection{blei2009topic,
  title={Topic models},
  author={Blei, David M and Lafferty, John D},
  booktitle={Text Mining},
  pages={101--124},
  year={2009},
  publisher={Chapman and Hall/CRC}
}

@inproceedings{buntine2009estimating,
  title={Estimating likelihoods for topic models},
  author={Buntine, Wray},
  booktitle={Asian Conference on Machine Learning},
  pages={51--64},
  year={2009},
  organization={Springer}
}

@inproceedings{chang2009reading,
  title={Reading tea leaves: How humans interpret topic models},
  author={Chang, Jonathan and Gerrish, Sean and Wang, Chong and Boyd-Graber, Jordan L and Blei, David M},
  booktitle={Advances in neural information processing systems},
  pages={288--296},
  year={2009}
}

@book{cox2018analysis,
  title={Analysis of binary data},
  author={Cox, David Roxbee},
  year={2018},
  publisher={Routledge}
}

@inproceedings{girolami2003equivalence,
  title={On an equivalence between PLSI and LDA},
  author={Girolami, Mark and Kab{\'a}n, Ata},
  booktitle={SIGIR},
  volume={3},
  pages={433--434},
  year={2003}
}






@inproceedings{lau2014machine,
  title={Machine reading tea leaves: Automatically evaluating topic coherence and topic model quality},
  author={Lau, Jey Han and Newman, David and Baldwin, Timothy},
  booktitle={Proceedings of the 14th Conference of the European Chapter of the Association for Computational Linguistics},
  pages={530--539},
  year={2014}
}




